
@article{weko_1677_1,
  author	 = "洲,雅明",
  title	 = "水球男子日本チームの世界選手権2019におけるデータ分析",
  journal	 = "大分県立芸術文化短期大学研究紀要",
  year 	 = "2021",
  volume	 = "58",
  number	 = "",
  pages	 = "179--185",
  month	 = "mar"
}


@article{weko_1697_1,
  author	 = "洲,雅明",
  title	 = "東京オリンピックにおける男子水球競技のゲーム分析～世界の戦い方、日本の戦い方～",
  journal	 = "大分県立芸術文化短期大学研究紀要",
  year 	 = "2022",
  volume	 = "59",
  number	 = "",
  pages	 = "139--147",
 month	 = "mar"
}

@inproceedings{鈴木茂廣1995水球競技リアルタイムゲーム分析システムの開発,
  title={水球競技リアルタイムゲーム分析システムの開発},
  author={鈴木茂廣 and 高木英樹 and 藤本秀樹 and 南隆尚 and 榎本至 and 若吉浩二},
  booktitle={日本体育学会大会号 第 46 回 (1995)},
  pages={580},
  year={1995},
  organization={一般社団法人 日本体育学会}
}

@article{鱗原晴彦1999設計者と初心者ユーザーの操作時間比較によるユーザビリティ評価手法,
  title={設計者と初心者ユーザーの操作時間比較によるユーザビリティ評価手法},
  author={鱗原晴彦 and 古田一義 and 田中健一 and 黒須正明},
  journal={ヒューマンインタフェースシンポジウム, CD-ROM},
  year={1999}
}

@inproceedings{高木英樹1988092o09,
  title={092O09 水球競技における退水状態での 6 対 5 の攻撃法について (9. 体育方法学, 一般研究 B)},
  author={高木英樹 and 高橋伍郎 and 坂田勇夫 and 椿本昇三},
  booktitle={日本体育学会大会号 第 39 回 (1988)},
  pages={620},
  year={1988},
  organization={一般社団法人 日本体育学会}
}

@article{榎本至2005水球競技のノーティカルチャート,
  title={水球競技のノーティカルチャート—世界の潮流と日本の競技者育成システムの課題—},
  author={榎本至},
  journal={水泳水中運動科学},
  volume={8},
  number={1},
  pages={15--19},
  year={2005},
  publisher={日本水泳・水中運動学会}
}

@inproceedings{高山誠1985093230,
  title={093230 水球のゲーム分析 (II): 得点差から見たゲームの流れについて (9. 体育方法, 一般研究)},
  author={高山誠 and 北川幸夫 and 人沢雅典},
  booktitle={日本体育学会大会号 第 36 回 (1985)},
  pages={723},
  year={1985},
  organization={一般社団法人 日本体育学会}
}

@inproceedings{榎本至1998095c03102,
  title={095C03102 水球競技のゲーム分析: 1998 年第 8 回世界選手権に見る攻撃の傾向について (体育方法)},
  author={榎本至 and 高橋宗良},
  booktitle={日本体育学会大会号 第 49 回 (1998)},
  pages={475},
  year={1998},
  organization={一般社団法人 日本体育学会}
}

@inproceedings{宮城進1985093231,
  title={093231 水球競技におけるゲーム分析に関する研究: ロス・オリンピックの場合 (9. 体育方法, 一般研究)},
  author={宮城進 and 北村仁},
  booktitle={日本体育学会大会号 第 36 回 (1985)},
  pages={724},
  year={1985},
  organization={一般社団法人 日本体育学会}
}

@inproceedings{南隆尚1995水球競技におけるゲーム分析,
  title={水球競技におけるゲーム分析: 1994 年 広島アジア大会について},
  author={南隆尚 and 高木英樹 and 藤本秀樹 and 鈴木茂廣 and 榎木至 and 若吉浩二},
  booktitle={日本体育学会大会号 第 46 回 (1995)},
  pages={579},
  year={1995},
  organization={一般社団法人 日本体育学会}
}

@article{宮城進1985水球競技におけるゲーム分析,
  title={水球競技におけるゲーム分析: 1984 年ロサンゼルス・オリンピック大会の場合},
  author={宮城進 and others},
  journal={仙台大学紀要},
  volume={17},
  pages={21--28},
  year={1985}
}


@article{洲雅明2021水球男子日本チームの世界選手権,
  title={水球男子日本チームの世界選手権 2019 におけるデータ分析},
  author={洲雅明 and others},
  journal={大分県立芸術文化短期大学研究紀要},
  volume={58},
  pages={179--185},
  year={2021}
}


@article{洲雅明2013ロンドンオリンピックにおける水球競技のデータ分析,
  title={ロンドンオリンピックにおける水球競技のデータ分析},
  author={洲雅明 and others},
  journal={大分県立芸術文化短期大学研究紀要},
  volume={50},
  pages={105--115},
  year={2013}
}

@inproceedings{椿本昇三1987091219,
  title={091219 水球のゲーム分析: 泳距離と移動軌跡について (9. 体育方法, 一般研究 A)},
  author={椿本昇三 and 高木英樹 and 坂田勇夫 and 高橋伍郎},
  booktitle={日本体育学会大会号 第 38 回 (1987)},
  pages={276},
  year={1987},
  organization={一般社団法人 日本体育学会}
}


@article{福中賢一女子水球選手の国際試合における試合分析,
  title={女子水球選手の国際試合における試合分析-2 次元 DLT 法による位置情報を用いて},
  author={福中賢一 and others}
}

@inproceedings{椿本昇三19839043,
  title={9043 水球競技における VTR を用いたゲーム分析の試み},
  author={椿本昇三 and 高橋伍郎 and 坂田勇夫 and 河江通良},
  booktitle={日本体育学会大会号 第 34 回 (1983)},
  pages={590},
  year={1983},
  organization={一般社団法人 日本体育学会}
}


@article{丸山博史水球競技における選手及びボールの移動からみたチームパフォーマンス,
  title={水球競技における選手及びボールの移動からみたチームパフォーマンス},
  author={丸山博史 and others}
}

@article{清水信貴2007水球競技におけるルール改正に伴うゲーム構造の変化に関する研究,
  title={水球競技におけるルール改正に伴うゲーム構造の変化に関する研究},
  author={清水信貴 and 高木英樹},
  journal={水泳水中運動科学},
  volume={10},
  number={2},
  pages={38--43},
  year={2007},
  publisher={日本水泳・水中運動学会}
}

@article{椿本1987水球のゲーム分析,
  title={水球のゲーム分析--泳距離. 移動軌跡. 泳速度について},
  author={椿本 and 昇三},
  journal={茨城大学教養部紀要},
  volume={19},
  pages={231--241},
  year={1987}
}



@article{原朗2005水球競技の長期一貫指導型競技者育成プログラム,
  title={水球競技の長期一貫指導型競技者育成プログラム},
  author={原朗 and 榎本至 and others},
  journal={東京情報大学研究論集},
  volume={9},
  number={1},
  pages={21--33},
  year={2005}
}



@article{洲雅明2018水球競技における相手退水時の攻撃分析,
  title={水球競技における相手退水時の攻撃分析},
  author={洲雅明 and others},
  journal={大分県立芸術文化短期大学研究紀要},
  volume={55},
  pages={91--100},
  year={2018}
}

@article{洲雅明2016水球競技における退水時攻撃のディフェンスの崩しについて,
  title={水球競技における退水時攻撃のディフェンスの崩しについて-五輪, 日本選手権, 高校総体の比較},
  author={洲雅明 and 榎本至 and 南隆尚 and others},
  journal={大分県立芸術文化短期大学研究紀要},
  volume={53},
  pages={25--32},
  year={2016}
}

@article{椿本1987水球のゲーム分析,
  title={水球のゲーム分析--泳距離. 移動軌跡. 泳速度について},
  author={椿本 and 昇三},
  journal={茨城大学教養部紀要},
  volume={19},
  pages={231--241},
  year={1987}
}

@article{高木英樹1989原著,
  title={< 原著> 水球競技のリアルタイム処理によるゲーム分析の検討},
  author={高木英樹 and タカギヒデキ and 高橋伍郎 and 坂田勇夫},
  journal={体育科学系紀要},
  volume={12},
  pages={95--105},
  year={1989},
  publisher={筑波大学体育科学系}
}


@inproceedings{weko_197296_1,
  author	 = "丸之内,悠 and 松澤,芳昭",
  title	 = "アマチュアサッカーのパスネットワーク可視化による協調的プレー知識の発見効果",
  booktitle	 = "第81回全国大会講演論文集",
  year 	 = "2019",
  volume	 = "2019",
  number	 = "1",
  pages	 = "517--518",
  month	 = "feb"
}